%% Saved with string encoding Unicode (UTF-8) 



misc{para,
	Author = {{IEEE Referencing}},
	Howpublished = {\url{http://libguides.bhtafe.edu.au/content.php?pid=88814&sid=660920}},
	Keywords = {paraphrasing, plagariasm, citation, quotation},
	Lastchecked = {19/04/2017},
	Title = {{How to Cite\/Quote in Your Assignment}}}

misc{ieee-write,
	Author = {{IEEE Authorship Series}},
	Howpublished = {\url{http://ieeeauthorcenter.ieee.org/wp-content/uploads/How-to-Write-for-Technical-Periodicals-and-Conferences.pdf}},
	Institution = {{IEEE}},
	Keywords = {writing, paragraph, sentences, ethics},
	Lastchecked = {18/04/2017},
	Title = {How to Write for Technical Periodicals \& Conferences}}

@article{functioneel,
  title={Algemene elektrotechnische voorschriften Bruggen en Sluizen},
  author={R.J de Vries},
  year={2014},
  publisher = {Provincie Overijssel},
}

@article{bedienininstructie,
  title={Julianasluis 2 Bedienininstructie},
  year={2014},
  publisher = {Pilz Nederland},
}

